@book{Berije.1981,
 author = {Berije, Vaxtang and Neubauer, Edith and Beyer, Klaus G.},
 year = {1981},
 title = {Die Baukunst des Mittelalters in Georgien. Vom 4. bis zum 18. Jh},
 keywords = {{\"U}berblick;Georgien},
 address = {Wien  and  and M{\"u}nchen},
 publisher = {Schroll}
}

@book{Demesnil.2010,
 abstract = {Kirchen Kappadokiens 
Hacli Kilise
G{\"u}l{\"u}dere 3
Zelve 6},
 author = {Demesnil, Nicole Lemaigre},
 year = {2010},
 title = {Architesture rupustre et d{\'e}cor sculpt{\'e} en Cappadoce (Ve-IXe si{\`e}cle)},
 keywords = {Kappadokien;Hacli Kilise;Zelve;G{\"u}l{\"u}dere},
 address = {Oxford},
 publisher = {Archeopr}
}

@inproceedings{Thierry.1986,
 author = {Thierry, Nicole},
 title = {La croix en Cappadoce. Typologie et valeur representative},
 keywords = {Kappadokien;Kreuz},
 pages = {197--213},
 volume = {12},
 series = {mission suisse d'arch{\'e}ologie copte},
 editor = {Bridel, Philippe},
 booktitle = {Le site monastique copte des Kellia : sources Historiques et explorations arch{\'e}ologiques. MSAC},
 year = {1986},
 address = {Gen{\`e}ve}
}


@book{Foto.2013,
 author = {Foto, Fritz},
 year = {2013},
 title = {Nicht existierender Bildband},
 address = {Basel},
 volume = {1},
 publisher = {Unknown}
}


